<record><leader>00000cas a2200000 a 4500</leader><controlfield tag="001">17963293</controlfield><controlfield tag="008">880517d18741874nyuwr ne      0    0eng c</controlfield><datafield ind1=" " ind2=" " tag="010"><subfield code="a">sn 88074377 </subfield></datafield><datafield ind1=" " ind2=" " tag="040"><subfield code="a">NYS</subfield><subfield code="b">eng</subfield><subfield code="c">NYS</subfield><subfield code="d">OCLCQ</subfield><subfield code="d">OCLCF</subfield><subfield code="d">OCLCO</subfield></datafield><datafield ind1="1" ind2=" " tag="029"><subfield code="a">AU@</subfield><subfield code="b">000020513101</subfield></datafield><datafield ind1=" " ind2=" " tag="042"><subfield code="a">pcc</subfield></datafield><datafield ind1=" " ind2=" " tag="043"><subfield code="a">n-us-ny</subfield></datafield><datafield ind1="0" ind2=" " tag="130"><subfield code="a">Standard (Schuylerville, N.Y. : 1874)</subfield></datafield><datafield ind1="1" ind2="4" tag="245"><subfield code="a">The standard.</subfield></datafield><datafield ind1=" " ind2=" " tag="260"><subfield code="a">Schuylerville, N.Y. :</subfield><subfield code="b">Mingay &amp; Johnson</subfield></datafield><datafield ind1=" " ind2=" " tag="300"><subfield code="a">v.</subfield></datafield><datafield ind1=" " ind2=" " tag="310"><subfield code="a">Weekly</subfield></datafield><datafield ind1="1" ind2=" " tag="362"><subfield code="a">Began in Mar., 1874.</subfield></datafield><datafield ind1="0" ind2=" " tag="362"><subfield code="a">-v. 4, no. 33 (Dec. 24, 1874) = - whole no. 189.</subfield></datafield><datafield ind1=" " ind2=" " tag="500"><subfield code="a">"Vincit amor patriae."</subfield></datafield><datafield ind1=" " ind2=" " tag="500"><subfield code="a">Publishers: John Johnson &amp; Co., May 23-July 4, 1874 ; Richard Mingay Jr. &amp; Co., July 11-Dec. 26, 1874.</subfield></datafield><datafield ind1=" " ind2=" " tag="588"><subfield code="a">Description based on: Vol. 3, no. 47 (Mar. 21, 1874).</subfield></datafield><datafield ind1=" " ind2="0" tag="651"><subfield code="a">Schuylerville (N.Y.)</subfield><subfield code="v">Newspapers.</subfield></datafield><datafield ind1=" " ind2="0" tag="651"><subfield code="a">Saratoga County (N.Y.)</subfield><subfield code="v">Newspapers.</subfield></datafield><datafield ind1=" " ind2="7" tag="655"><subfield code="a">Newspapers.</subfield><subfield code="2">fast</subfield><subfield code="0">(OCoLC)fst01423814</subfield></datafield><datafield ind1=" " ind2="7" tag="651"><subfield code="a">New York (State)</subfield><subfield code="z">Saratoga County.</subfield><subfield code="2">fast</subfield><subfield code="0">(OCoLC)fst01210046</subfield></datafield><datafield ind1=" " ind2="7" tag="651"><subfield code="a">New York (State)</subfield><subfield code="z">Schuylerville.</subfield><subfield code="2">fast</subfield><subfield code="0">(OCoLC)fst01256525</subfield></datafield><datafield ind1=" " ind2=" " tag="752"><subfield code="a">United States</subfield><subfield code="b">New York</subfield><subfield code="c">Saratoga</subfield><subfield code="d">Schuylerville.</subfield></datafield><datafield ind1="0" ind2="0" tag="780"><subfield code="t">Schuylerville news</subfield><subfield code="w">(DLC)sn 83031625</subfield></datafield><datafield ind1="0" ind2="0" tag="785"><subfield code="t">Saratoga County standard</subfield><subfield code="w">(DLC)sn 84031704</subfield></datafield></record>